% This file was created with JabRef 2.10.
% Encoding: UTF-8


@InProceedings{banerjee2016detection,
  Title                    = {Detection of Plan Deviation in Multi-Agent Systems.},
  Author                   = {Banerjee, Bikramjit and Loscalzo, Steven and Thompson, Daniel Lucas},
  Booktitle                = {AAAI},
  Year                     = {2016},
  Pages                    = {2445--2451}
}

@Article{choi2009consensus,
  Title                    = {Consensus-based decentralized auctions for robust task allocation},
  Author                   = {Choi, Han-Lim and Brunet, Luc and How, Jonathan P},
  Journal                  = {IEEE transactions on robotics},
  Year                     = {2009},
  Number                   = {4},
  Pages                    = {912--926},
  Volume                   = {25},

  Publisher                = {IEEE}
}

@InProceedings{claes2015effective,
  Title                    = {Effective approximations for multi-robot coordination in spatially distributed tasks},
  Author                   = {Claes, Daniel and Robbel, Philipp and Oliehoek, Frans A and Tuyls, Karl and Hennes, Daniel and van der Hoek, Wiebe},
  Booktitle                = {Proceedings of the 2015 International Conference on Autonomous Agents and Multiagent Systems},
  Year                     = {2015},
  Organization             = {International Foundation for Autonomous Agents and Multiagent Systems},
  Pages                    = {881--890}
}

@Article{dasgupta2008multiagent,
  Title                    = {A multiagent swarming system for distributed automatic target recognition using unmanned aerial vehicles},
  Author                   = {Dasgupta, Prithviraj},
  Journal                  = {IEEE Transactions on Systems, Man, and Cybernetics-Part A: Systems and Humans},
  Year                     = {2008},
  Number                   = {3},
  Pages                    = {549--563},
  Volume                   = {38},

  Publisher                = {IEEE}
}

@InProceedings{di2011decentralized,
  Title                    = {Decentralized task sequencing and multiple mission control for heterogeneous robotic networks},
  Author                   = {Di Paola, Donato and Gasparri, Andrea and Naso, David and Ulivi, Giovanni and Lewis, Frank L},
  Booktitle                = {Robotics and Automation (ICRA), 2011 IEEE International Conference on},
  Year                     = {2011},
  Organization             = {IEEE},
  Pages                    = {4467--4473}
}

@InProceedings{feo2016decentralized,
  Title                    = {On decentralized coordination for spatial task allocation and scheduling in heterogeneous teams},
  Author                   = {Feo Flushing, Eduardo and Gambardella, Luca M and Di Caro, Gianni A},
  Booktitle                = {Proceedings of the 2016 International Conference on Autonomous Agents \& Multiagent Systems},
  Year                     = {2016},
  Organization             = {International Foundation for Autonomous Agents and Multiagent Systems},
  Pages                    = {988--996}
}

@InProceedings{flushing2014mathematical,
  Title                    = {A mathematical programming approach to collaborative missions with heterogeneous teams},
  Author                   = {Flushing, Eduardo Feo and Gambardella, Luca M and Di Caro, Gianni A},
  Booktitle                = {Intelligent Robots and Systems (IROS 2014), 2014 IEEE/RSJ International Conference on},
  Year                     = {2014},
  Organization             = {IEEE},
  Pages                    = {396--403}
}

@Article{galceran2013survey,
  Title                    = {A survey on coverage path planning for robotics},
  Author                   = {Galceran, Enric and Carreras, Marc},
  Journal                  = {Robotics and Autonomous Systems},
  Year                     = {2013},
  Number                   = {12},
  Pages                    = {1258--1276},
  Volume                   = {61},

  Publisher                = {Elsevier}
}

@InProceedings{gancet2005task,
  Title                    = {Task planning and control for a multi-UAV system: architecture and algorithms},
  Author                   = {Gancet, Jeremi and Hattenberger, Gautier and Alami, Rachid and Lacroix, Simon},
  Booktitle                = {Intelligent Robots and Systems, 2005.(IROS 2005). 2005 IEEE/RSJ International Conference on},
  Year                     = {2005},
  Organization             = {IEEE},
  Pages                    = {1017--1022}
}

@Article{garzon2016multirobot,
  Title                    = {A multirobot system for distributed area coverage and signal searching in large outdoor scenarios},
  Author                   = {Garz{\'o}n, Mario and Valente, Jo{\~a}o and Rold{\'a}n, Juan Jes{\'u}s and Cancar, Leandro and Barrientos, Antonio and Del Cerro, Jaime},
  Journal                  = {Journal of Field Robotics},
  Year                     = {2016},
  Number                   = {8},
  Pages                    = {1087--1106},
  Volume                   = {33},

  Publisher                = {Wiley Online Library}
}

@Article{hollinger2012multirobot,
  Title                    = {Multirobot coordination with periodic connectivity: Theory and experiments},
  Author                   = {Hollinger, Geoffrey A and Singh, Sanjiv},
  Journal                  = {IEEE Transactions on Robotics},
  Year                     = {2012},
  Number                   = {4},
  Pages                    = {967--973},
  Volume                   = {28},

  Publisher                = {IEEE}
}

@Article{jones2011time,
  Title                    = {Time-extended multi-robot coordination for domains with intra-path constraints},
  Author                   = {Jones, E Gil and Dias, M Bernardine and Stentz, Anthony},
  Journal                  = {Autonomous robots},
  Year                     = {2011},
  Number                   = {1},
  Pages                    = {41--56},
  Volume                   = {30},

  Publisher                = {Springer}
}

@InProceedings{koenig2004design,
  Title                    = {Design and use paradigms for gazebo, an open-source multi-robot simulator},
  Author                   = {Koenig, Nathan and Howard, Andrew},
  Booktitle                = {Intelligent Robots and Systems, 2004.(IROS 2004). Proceedings. 2004 IEEE/RSJ International Conference on},
  Year                     = {2004},
  Organization             = {IEEE},
  Pages                    = {2149--2154},
  Volume                   = {3}
}

@InProceedings{leary2011constrained,
  Title                    = {Constrained UAV mission planning: A comparison of approaches},
  Author                   = {Leary, Stephen and Deittert, Markus and Bookless, John},
  Booktitle                = {Computer Vision Workshops (ICCV Workshops), 2011 IEEE International Conference on},
  Year                     = {2011},
  Organization             = {IEEE},
  Pages                    = {2002--2009}
}

@InProceedings{lemaire2004distributed,
  Title                    = {A distributed tasks allocation scheme in multi-UAV context},
  Author                   = {Lemaire, Thomas and Alami, Rachid and Lacroix, Simon},
  Booktitle                = {Robotics and Automation, 2004. Proceedings. ICRA'04. 2004 IEEE International Conference on},
  Year                     = {2004},
  Organization             = {IEEE},
  Pages                    = {3622--3627},
  Volume                   = {4}
}

@Article{maza2011distributed,
  Title                    = {A distributed architecture for a robotic platform with aerial sensor transportation and self-deployment capabilities},
  Author                   = {Maza, Ivan and Caballero, Fernando and Capitan, Jesus and Martinez-de-Dios, Jos{\'e} Ramiro and Ollero, Anibal},
  Journal                  = {Journal of Field Robotics},
  Year                     = {2011},
  Number                   = {3},
  Pages                    = {303--328},
  Volume                   = {28},

  Publisher                = {Wiley Online Library}
}

@InProceedings{miller2006distributed,
  Title                    = {Distributed task selection in multi-agent based swarms using heuristic strategies},
  Author                   = {Miller, David and Dasgupta, Prithviraj and Judkins, Timothy},
  Booktitle                = {International Workshop on Swarm Robotics},
  Year                     = {2006},
  Organization             = {Springer},
  Pages                    = {158--172}
}

@InProceedings{ponda2010decentralized,
  Title                    = {Decentralized planning for complex missions with dynamic communication constraints},
  Author                   = {Ponda, Sameera and Redding, Josh and Choi, Han-Lim and How, Jonathan P and Vavrina, Matt and Vian, John},
  Booktitle                = {American Control Conference (ACC), 2010},
  Year                     = {2010},
  Organization             = {IEEE},
  Pages                    = {3998--4003}
}

@InCollection{ponda2015cooperative,
  Title                    = {Cooperative mission planning for multi-uav teams},
  Author                   = {Ponda, Sameera S and Johnson, Luke B and Geramifard, Alborz and How, Jonathan P},
  Booktitle                = {Handbook of Unmanned Aerial Vehicles},
  Publisher                = {Springer},
  Year                     = {2015},
  Pages                    = {1447--1490}
}

@Article{sariel2011generic,
  Title                    = {A generic framework for distributed multirobot cooperation},
  Author                   = {Sariel-Talay, Sanem and Balch, Tucker R and Erdogan, Nadia},
  Journal                  = {Journal of Intelligent \& Robotic Systems},
  Year                     = {2011},
  Number                   = {2},
  Pages                    = {323--358},
  Volume                   = {63},

  Publisher                = {Springer}
}

@InProceedings{shiroma2009comutar,
  Title                    = {CoMutaR: A framework for multi-robot coordination and task allocation},
  Author                   = {Shiroma, Pedro M and Campos, Mario FM},
  Booktitle                = {Intelligent Robots and Systems, 2009. IROS 2009. IEEE/RSJ International Conference on},
  Year                     = {2009},
  Organization             = {IEEE},
  Pages                    = {4817--4824}
}

